%% This BibTeX bibliography file was created using BibDesk.
%% http://bibdesk.sourceforge.net/

%% Created for Mila Votradovec at 2016-10-23 16:52:32 +0200 


%% Saved with string encoding Unicode (UTF-8) 



@electronic{CiADraftStandard306,
	Author = {Paul B{\"u}tikofer},
	Date-Added = {2016-10-23 14:44:10 +0000},
	Date-Modified = {2016-10-23 14:46:33 +0000},
	Title = {Electronic data sheet specification for CANopen},
	Bdsk-File-1 = {YnBsaXN0MDDUAQIDBAUGJCVYJHZlcnNpb25YJG9iamVjdHNZJGFyY2hpdmVyVCR0b3ASAAGGoKgHCBMUFRYaIVUkbnVsbNMJCgsMDxJXTlMua2V5c1pOUy5vYmplY3RzViRjbGFzc6INDoACgAOiEBGABIAFgAdccmVsYXRpdmVQYXRoWWFsaWFzRGF0YV8QGy4uL3NvdXJjZXMvMzA2djAxMDMwMDA0LnBkZtIXCxgZV05TLmRhdGFPEQHsAAAAAAHsAAIAAAxNYWNpbnRvc2ggSEQAAAAAAAAAAAAAAAAAAADRD1cYSCsAAANBSWEQMzA2djAxMDMwMDA0LnBkZgAAAAAAAAAAAAAAAAAAAAAAAAAAAAAAAAAAAAAAAAAAAAAAAAAAAAAAAAAAAAAAA0GZxtQymG8AAAAAAAAAAAABAAIAAAkgAAAAAAAAAAAAAAAAAAAAB3NvdXJjZXMAABAACAAA0Q9JCAAAABEACAAA1DJ8TwAAAAEAHANBSWEDH4ehAx9Q4gANNgwADTUuAAlGIQAClRQAAgBlTWFjaW50b3NoIEhEOlVzZXJzOgBtaWlpbGE6AERyb3Bib3ggKFBlcnNvbmFsKToAPz8/I0QzNjBDOgAyMDE2LzIwMTc6AFlCUDE6AHNvdXJjZXM6ADMwNnYwMTAzMDAwNC5wZGYAAA4AIgAQADMAMAA2AHYAMAAxADAAMwAwADAAMAA0AC4AcABkAGYADwAaAAwATQBhAGMAaQBuAHQAbwBzAGgAIABIAEQAEgBPVXNlcnMvbWlpaWxhL0Ryb3Bib3ggKFBlcnNvbmFsKS9zzIxrb2xhLzIwMTY6MjAxNy9ZQlAxL3NvdXJjZXMvMzA2djAxMDMwMDA0LnBkZgAAEwABLwAAFQACAA3//wAAgAbSGxwdHlokY2xhc3NuYW1lWCRjbGFzc2VzXU5TTXV0YWJsZURhdGGjHR8gVk5TRGF0YVhOU09iamVjdNIbHCIjXE5TRGljdGlvbmFyeaIiIF8QD05TS2V5ZWRBcmNoaXZlctEmJ1Ryb290gAEACAARABoAIwAtADIANwBAAEYATQBVAGAAZwBqAGwAbgBxAHMAdQB3AIQAjgCsALEAuQKpAqsCsAK7AsQC0gLWAt0C5gLrAvgC+wMNAxADFQAAAAAAAAIBAAAAAAAAACgAAAAAAAAAAAAAAAAAAAMX}}

@electronic{CiADraftStandard301,
	Author = {Thilo Schumann},
	Date-Added = {2016-10-23 14:41:03 +0000},
	Date-Modified = {2016-10-23 14:47:10 +0000},
	Title = {Electronic data sheet specification for CANopen},
	Urldate = {http://www.can-cia.org/index.php?eID=tx_nawsecuredl&u=6210&g=11&t=1477318610&hash=a69ec27f3bec3ac6d5c30b95997cd3802f3282d4&file=fileadmin/resources/documents/groups/301v04020006_cor3.pdf},
	Bdsk-File-1 = {YnBsaXN0MDDUAQIDBAUGJCVYJHZlcnNpb25YJG9iamVjdHNZJGFyY2hpdmVyVCR0b3ASAAGGoKgHCBMUFRYaIVUkbnVsbNMJCgsMDxJXTlMua2V5c1pOUy5vYmplY3RzViRjbGFzc6INDoACgAOiEBGABIAFgAdccmVsYXRpdmVQYXRoWWFsaWFzRGF0YV8QIC4uL3NvdXJjZXMvMzAxdjA0MDIwMDA2X2NvcjMucGRm0hcLGBlXTlMuZGF0YU8RAf4AAAAAAf4AAgAADE1hY2ludG9zaCBIRAAAAAAAAAAAAAAAAAAAANEPVxhIKwAAA0FJYRUzMDF2MDQwMjAwMDZfY29yMy5wZGYAAAAAAAAAAAAAAAAAAAAAAAAAAAAAAAAAAAAAAAAAAAAAAAAAAAAAAAADQZny1DKYgAAAAAAAAAAAAAEAAgAACSAAAAAAAAAAAAAAAAAAAAAHc291cmNlcwAAEAAIAADRD0kIAAAAEQAIAADUMnxgAAAAAQAcA0FJYQMfh6EDH1DiAA02DAANNS4ACUYhAAKVFAACAGpNYWNpbnRvc2ggSEQ6VXNlcnM6AG1paWlsYToARHJvcGJveCAoUGVyc29uYWwpOgA/Pz8jRDM2MEM6ADIwMTYvMjAxNzoAWUJQMToAc291cmNlczoAMzAxdjA0MDIwMDA2X2NvcjMucGRmAA4ALAAVADMAMAAxAHYAMAA0ADAAMgAwADAAMAA2AF8AYwBvAHIAMwAuAHAAZABmAA8AGgAMAE0AYQBjAGkAbgB0AG8AcwBoACAASABEABIAVFVzZXJzL21paWlsYS9Ecm9wYm94IChQZXJzb25hbCkvc8yMa29sYS8yMDE2OjIwMTcvWUJQMS9zb3VyY2VzLzMwMXYwNDAyMDAwNl9jb3IzLnBkZgATAAEvAAAVAAIADf//AACABtIbHB0eWiRjbGFzc25hbWVYJGNsYXNzZXNdTlNNdXRhYmxlRGF0YaMdHyBWTlNEYXRhWE5TT2JqZWN00hscIiNcTlNEaWN0aW9uYXJ5oiIgXxAPTlNLZXllZEFyY2hpdmVy0SYnVHJvb3SAAQAIABEAGgAjAC0AMgA3AEAARgBNAFUAYABnAGoAbABuAHEAcwB1AHcAhACOALEAtgC+AsACwgLHAtIC2wLpAu0C9AL9AwIDDwMSAyQDJwMsAAAAAAAAAgEAAAAAAAAAKAAAAAAAAAAAAAAAAAAAAy4=}}

@webpage{CANopenBasics,
	Date-Added = {2016-10-23 14:35:35 +0000},
	Date-Modified = {2016-10-23 14:37:13 +0000},
	Rating = {0},
	Read = {1},
	Url = {http://www.canopensolutions.com/english/about_canopen/about_canopen.shtml},
	Bdsk-Url-1 = {http://www.canopensolutions.com/english/about_canopen/about_canopen.shtml}}
